@article{Yang2009,
author = {Yang, Shiming},
year = {2009},
month = {03},
pages = {325-331},
title = {The optimal relaxation parameter for the SOR method applied to the Poisson equation in any space dimensions},
volume = {22},
journal = {Appl. Math. Lett.},
doi = {10.1016/j.aml.2008.03.028}
}